<?xml version="1.0" encoding="UTF-8"?><collection xmlns="http://www.loc.gov/MARC21/slim"><record><leader>00389nam--2200133-i-4500</leader><controlfield tag="001">000046087</controlfield><controlfield tag="002">20161230</controlfield><controlfield tag="005">20161230201045</controlfield><controlfield tag="008">060222s1000------------r-----000-0-eng-d</controlfield><datafield ind1=" " ind2=" " tag="080"><subfield code="a">002</subfield></datafield><datafield ind1=" " ind2=" " tag="100"><subfield code="a">Van Dijk, Marcel Et Van Slype, Georges</subfield></datafield><datafield ind1=" " ind2=" " tag="245"><subfield code="a">Le service de documentation face a l`explosion de l`information</subfield></datafield><datafield ind1=" " ind2=" " tag="260"><subfield code="a">Paris, Les Editions D`Organisation, 1969, 265p</subfield></datafield><datafield ind1=" " ind2=" " tag="852"><subfield code="a">34950</subfield></datafield></record></collection>